



%%%%%%%%%%%%%%%%%%%%%%%%%%%%%%%%%%%%%%%%%%%%%%%%%%%%%%%%%%%%%%%%%%%%%%%%%%%%%%%%
%%%%%%%%%%%%%%%%%%%%%%%%%%%%%%%%%%   2019   %%%%%%%%%%%%%%%%%%%%%%%%%%%%%%%%%%%%
%%%%%%%%%%%%%%%%%%%%%%%%%%%%%%%%%%%%%%%%%%%%%%%%%%%%%%%%%%%%%%%%%%%%%%%%%%%%%%%%


CO37. Surface and interface properties investigation of lamellar oxides nanocomposites for hybrid supercapacitor electrodes
A. Lemoine, G. Vallverdu, I. Baraille, L. Madec, J. Ochlowka, L. Guerlou-Demourgues, D. Flahaut 18th European Conference on Applications of Surface and Interface Analysis (ECASIA19), Dresden, September 15-20 2019.

%%%%%%%%%%%%%%%%%%%%%%%%%%%%%%%%%%%%%%%%%%%%%%%%%%%%%%%%%%%%%%%%%%%%%%%%%%%%%%%%
%%%%%%%%%%%%%%%%%%%%%%%%%%%%%%%%%%   2018   %%%%%%%%%%%%%%%%%%%%%%%%%%%%%%%%%%%%
%%%%%%%%%%%%%%%%%%%%%%%%%%%%%%%%%%%%%%%%%%%%%%%%%%%%%%%%%%%%%%%%%%%%%%%%%%%%%%%%

CO31. Surface reactivity of layered manganese oxides: an experimental and theoretical approach D. Flahaut, A. Quesne-Turin, G. Vallverdu, L. Croguennec, M. Ménétrier, I. Baraille
Matériaux 2018, Strasbourg, 19-23 Novembre 2018.


Investigation on the surface reactivity of layered lithium oxides: an experimental and theoritical combined approach
A. Quesne-Turin, D. Flahaut, G. Vallverdu, L. Croguennec, M. Ménétrier, I. Baraille
European Conference on surface Science, Grenoble, 28 Août-2 Septembre 2016.

%%%%%%%%%%%%%%%%%%%%%%%%%%%%%%%%%%%%%%%%%%%%%%%%%%%%%%%%%%%%%%%%%%%%%%%%%%%%%%%%
%%%%%%%%%%%%%%%%%%%%%%%%%%%%%%%%%%   2017   %%%%%%%%%%%%%%%%%%%%%%%%%%%%%%%%%%%%
%%%%%%%%%%%%%%%%%%%%%%%%%%%%%%%%%%%%%%%%%%%%%%%%%%%%%%%%%%%%%%%%%%%%%%%%%%%%%%%%

@inproceedings{ECASIA_2017,
    author = {Quesne-Turin, Ambroise and Flahaut, Delphine and Vallverdu, Germain 
    and Croguennec, Laurence and Ménétrier, Michel and Baraille, Isabelle},
    title = {Investigation on the Surface Reactivity of layered manganese oxides: 
      an experimental and theoretical combined approach},
    booktitle = {{17th European Conference On Applications Of Surface And Interface
    Analysis}, Montpellier, France},
    year = {2016},
    month = {Septembre}
}

%%%%%%%%%%%%%%%%%%%%%%%%%%%%%%%%%%%%%%%%%%%%%%%%%%%%%%%%%%%%%%%%%%%%%%%%%%%%%%%%
%%%%%%%%%%%%%%%%%%%%%%%%%%%%%%%%%%   2016   %%%%%%%%%%%%%%%%%%%%%%%%%%%%%%%%%%%%
%%%%%%%%%%%%%%%%%%%%%%%%%%%%%%%%%%%%%%%%%%%%%%%%%%%%%%%%%%%%%%%%%%%%%%%%%%%%%%%%

@inproceedings{ECOSS_2016,
    author = {Quesne-Turin, Ambroise and Flahaut, Delphine and Vallverdu, Germain 
    and Croguennec, Laurence and Ménétrier, Michel and Baraille, Isabelle},
    title = {Investigation on the surface reactivity of layered lithium oxides: an experimental 
    and theoretical combined approach},
    booktitle = {European Conference on surface Science, Grenoble, France},
    year = {2016},
    month = {Septembre}
}

@inproceedings{JCGSO_2016,
    author = {Quesne-Turin, Ambroise and Vallverdu, Germain and Flahaut, Delphine
    and Croguennec, Laurence and Ménétrier, Michel and Baraille, Isabelle},
    title = {Défauts structuraux et impact sur la réactivité de surface de
    Li2MnO3 : Couplage expérience/théorie},
    booktitle = {26ème Journée de Chimie du Grand Sud-Ouest, Bordeaux, France},
    year = {2016},
    month = {Novembre}
}

%%%%%%%%%%%%%%%%%%%%%%%%%%%%%%%%%%%%%%%%%%%%%%%%%%%%%%%%%%%%%%%%%%%%%%%%%%%%%%%%
%%%%%%%%%%%%%%%%%%%%%%%%%%%%%%%%%%   2014   %%%%%%%%%%%%%%%%%%%%%%%%%%%%%%%%%%%%
%%%%%%%%%%%%%%%%%%%%%%%%%%%%%%%%%%%%%%%%%%%%%%%%%%%%%%%%%%%%%%%%%%%%%%%%%%%%%%%%

@inproceedings{ICAM_2014,
    author = {Guille, Emilie and Vallverdu, Germain and Baraille, Isabelle},
    title = {Modelling of the electronic properties of
    Li$_\text{x}$PO$_\text{y}$N$_\text{z}$: molecular dynamics and periodic DFT approaches},
    booktitle = {{International Conference on Advanced Materials Modelling (ICAMM)}, Nantes, France},
    year = {2014},
    month = {Juillet}
}

%%%%%%%%%%%%%%%%%%%%%%%%%%%%%%%%%%%%%%%%%%%%%%%%%%%%%%%%%%%%%%%%%%%%%%%%%%%%%%%%
%%%%%%%%%%%%%%%%%%%%%%%%%%%%%%%%%%   2012   %%%%%%%%%%%%%%%%%%%%%%%%%%%%%%%%%%%%
%%%%%%%%%%%%%%%%%%%%%%%%%%%%%%%%%%%%%%%%%%%%%%%%%%%%%%%%%%%%%%%%%%%%%%%%%%%%%%%%

@inproceedings{montpellier2012,
    author = {Martin, Lucile and Vallverdu, Germain and Martinez, Hervé and Pecquenard, Brigitte and Le Cras, Frédéric and Baraille, Isabelle},
    title = {Etude des interfaces formées au sein du matériau de conversion CuO, électrode positive pour microbatterie au Li},
    booktitle = {13$^\text{eme}$ journée de la matière condensée, Montpellier, France},
    year = {2012},
    month = {Août}
}

@inproceedings{MRS_2012,
    author = {Martin, Lucile and Vallverdu, Germain and Martinez, Hervé and Pecquenard, Brigitte and Le Cras, Frédéric and Baraille, Isabelle},
    title = {Theoretical interface investigations in conv	ersion positive electrode for Li-ion batteries},
    booktitle = {{Materials Research Society (MRS)}, San-Fransisco, USA},
    year = {2012},
    month = {Avril}
}

%%%%%%%%%%%%%%%%%%%%%%%%%%%%%%%%%%%%%%%%%%%%%%%%%%%%%%%%%%%%%%%%%%%%%%%%%%%%%%%%
%%%%%%%%%%%%%%%%%%%%%%%%%%%%%%%%%%   2008   %%%%%%%%%%%%%%%%%%%%%%%%%%%%%%%%%%%%
%%%%%%%%%%%%%%%%%%%%%%%%%%%%%%%%%%%%%%%%%%%%%%%%%%%%%%%%%%%%%%%%%%%%%%%%%%%%%%%%

@inproceedings{Ascona_2008,
    author = {Vallverdu, Germain and Demachy, Isabelle and Ridard, Jacqueline and Lévy, Bernard},
    title = {Theoretical study of the radiationless decay of the Green Fluorescent Protein chromophore in water and in protein},
    booktitle = {{ISQBP President's Meeting "Pushing the Boundaries of Biomolecular Simulation", Ascona, Suisse}},
    month = {Juin},
    year = {2008}
}
                
