Surface reactivity and surface characterization of layered β(III)-CoOOH and MnO2 materials : an experimental and computational study
EUROMAT, 2021 September 201

%%%%%%%%%%%%%%%%%%%%%%%%%%%%%%%%%%%%%%%%%%%%%%%%%%%%%%%%%%%%%%%%%%%%%%%%%%%%%%%%
%%%%%%%%%%%%%%%%%%%%%%%%%%%%%%%%%%   2019   %%%%%%%%%%%%%%%%%%%%%%%%%%%%%%%%%%%%
%%%%%%%%%%%%%%%%%%%%%%%%%%%%%%%%%%%%%%%%%%%%%%%%%%%%%%%%%%%%%%%%%%%%%%%%%%%%%%%%

@inproceedings{JSE_2019,
    author = {Vallverdu, Germain},
    title = {Approches couplées spectroscopie XPS-chimie quantique : applications à l’étude de la réactivité chimique aux interfaces},
    booktitle = {{Journées des Spectroscopies d’Électrons, Nancy}},
    year = {2019},
    month = {Janvier}
}


%%%%%%%%%%%%%%%%%%%%%%%%%%%%%%%%%%%%%%%%%%%%%%%%%%%%%%%%%%%%%%%%%%%%%%%%%%%%%%%%
%%%%%%%%%%%%%%%%%%%%%%%%%%%%%%%%%%   2018   %%%%%%%%%%%%%%%%%%%%%%%%%%%%%%%%%%%%
%%%%%%%%%%%%%%%%%%%%%%%%%%%%%%%%%%%%%%%%%%%%%%%%%%%%%%%%%%%%%%%%%%%%%%%%%%%%%%%%

@inproceedings{JChemTHeo_2018,
    author = {Vallverdu, Germain and Quesne-Turin, Ambroise and Flahaut, Delphine and Croguenec, Laurence and Ménétrier, Michel and Baraille, Isabelle},
    title = {Surface reactivity of layered manganese oxides: an experimental and theoretical approach},
    booktitle = {{Physical and Theoretical Chemistry, Edinburgh, Scotland}},
    year = {2018},
    month = {Octobre}
}

%%%%%%%%%%%%%%%%%%%%%%%%%%%%%%%%%%%%%%%%%%%%%%%%%%%%%%%%%%%%%%%%%%%%%%%%%%%%%%%%
%%%%%%%%%%%%%%%%%%%%%%%%%%%%%%%%%%   2016   %%%%%%%%%%%%%%%%%%%%%%%%%%%%%%%%%%%%
%%%%%%%%%%%%%%%%%%%%%%%%%%%%%%%%%%%%%%%%%%%%%%%%%%%%%%%%%%%%%%%%%%%%%%%%%%%%%%%%

@inproceedings{SPSSM_2016,
    author = {Vallverdu, Germain and Quesne-Turin, Ambroise and Flahaut, Delphine and Croguenec, Laurence and Ménétrier, Michel and Baraille, Isabelle},
    title = {Surface reactivity of layered lithium oxides used as cathode materials: a coupled experimental-theoretical study},
    booktitle = {{Structure-Property Relationships in Solid Satete Materials, Nantes, France}},
    year = {2016},
    month = {Juillet}
}

@inproceedings{REST_2016,
    author = {Vallverdu, Germain and Guille, Emilie and Tison, Yann and Bégué, Didier and Baraille, Isabelle},
    title = {XPS Chemical shifts calculations: confrontation between experimental and theoretical investigations},
    booktitle = {{GDR REncontres de Spectroscopie Théorique, Roscoff, France}},
    year = {2016},
    month = {May}
}

%%%%%%%%%%%%%%%%%%%%%%%%%%%%%%%%%%%%%%%%%%%%%%%%%%%%%%%%%%%%%%%%%%%%%%%%%%%%%%%%
%%%%%%%%%%%%%%%%%%%%%%%%%%%%%%%%%%   2015   %%%%%%%%%%%%%%%%%%%%%%%%%%%%%%%%%%%%
%%%%%%%%%%%%%%%%%%%%%%%%%%%%%%%%%%%%%%%%%%%%%%%%%%%%%%%%%%%%%%%%%%%%%%%%%%%%%%%%

@inproceedings{Pycon2015,
    author = {Vallverdu, Germain},
    title = {Au sujet de Python appliqué à la chimie théorique},
    booktitle = {PyCon-fr 2015},
    year = {2015},
    month = {Octobre}
}

%%%%%%%%%%%%%%%%%%%%%%%%%%%%%%%%%%%%%%%%%%%%%%%%%%%%%%%%%%%%%%%%%%%%%%%%%%%%%%%%
%%%%%%%%%%%%%%%%%%%%%%%%%%%%%%%%%%   2014   %%%%%%%%%%%%%%%%%%%%%%%%%%%%%%%%%%%%
%%%%%%%%%%%%%%%%%%%%%%%%%%%%%%%%%%%%%%%%%%%%%%%%%%%%%%%%%%%%%%%%%%%%%%%%%%%%%%%%

@inproceedings{RCTF_2014,
    author = {Vallverdu, Germain and Minvielle, Marie and Andreu, Nathalie and Gonbeau, Danielle and Baraille, Isabelle},
    title = {Réactivité de surface d'oxydes lamellaires LiNi$_\text{x}$Mn$_\text{y}$Co$_\text{1-x-y}$O$_\text{2}$},
    booktitle = {{14$^\text{e}$ Rencontres des Chimistes Théoriciens Francophones, Paris, France}},
    year = {2014},
    month = {Juillet}
}

%%%%%%%%%%%%%%%%%%%%%%%%%%%%%%%%%%%%%%%%%%%%%%%%%%%%%%%%%%%%%%%%%%%%%%%%%%%%%%%%
%%%%%%%%%%%%%%%%%%%%%%%%%%%%%%%%%%   2013   %%%%%%%%%%%%%%%%%%%%%%%%%%%%%%%%%%%%
%%%%%%%%%%%%%%%%%%%%%%%%%%%%%%%%%%%%%%%%%%%%%%%%%%%%%%%%%%%%%%%%%%%%%%%%%%%%%%%%

@inproceedings{GDRDFT_2013,
    author = {Martin, Lucile and Vallverdu, Germain and Martinez, Hervé and Baraille, Isabelle},
    title = {Étude par une approche couplée expérience-théorie des interfaces solide/solide 
    dans le matériau de conversion CuO : propriétés thermodynamiques et nanostructuration},
    booktitle = {{GDR-CoDFT}, Lorient, France},
    year = {2013},
    month = {Mai}
}

%%%%%%%%%%%%%%%%%%%%%%%%%%%%%%%%%%%%%%%%%%%%%%%%%%%%%%%%%%%%%%%%%%%%%%%%%%%%%%%%
%%%%%%%%%%%%%%%%%%%%%%%%%%%%%%%%%%   2012   %%%%%%%%%%%%%%%%%%%%%%%%%%%%%%%%%%%%
%%%%%%%%%%%%%%%%%%%%%%%%%%%%%%%%%%%%%%%%%%%%%%%%%%%%%%%%%%%%%%%%%%%%%%%%%%%%%%%%

@inproceedings{ICAMM_2012,
    author = {Martin, Lucile and Vallverdu, Germain and Martinez, Hervé and Baraille, Isabelle},
    title = {Theoretical study of solid-solid interfaces in conversion materials: structure, electronic properties and thermodynamic stability},
    booktitle = {{International Conference on Advanced Materials Modelling (ICAMM)}, Nantes, France},
    year = {2012},
    month = {Juin}
}

%%%%%%%%%%%%%%%%%%%%%%%%%%%%%%%%%%%%%%%%%%%%%%%%%%%%%%%%%%%%%%%%%%%%%%%%%%%%%%%%
%%%%%%%%%%%%%%%%%%%%%%%%%%%%%%%%%%   2010   %%%%%%%%%%%%%%%%%%%%%%%%%%%%%%%%%%%%
%%%%%%%%%%%%%%%%%%%%%%%%%%%%%%%%%%%%%%%%%%%%%%%%%%%%%%%%%%%%%%%%%%%%%%%%%%%%%%%%

@inproceedings{DSFD2010,
    author = {Vallverdu, Germain and Maillet, Jean-Bernard and Bourasseau, Emeric and
    Stoltz, Gabriel and Soulard, Laurent},
    title = {A mesoscopic model for shock wave propagation in TATB},
    booktitle = {Discrete Simulations of Fluid Dynamics, Rome, Italie},
    year = {2010},
    month = {Juillet}
}

@inproceedings{NewModels2010,
    author = {Vallverdu, Germain and Maillet, Jean-Bernard and Bourasseau, Emeric and
    Stoltz, Gabriel and Soulard, Laurent},
    title = {A mesoscopic model for shock wave propagation in TATB},
    booktitle = {{New Models and Hydrocodes for Shock Wave Processes in Condensed Matter}, Paris, France}, 
    year = {2010},
    month = {Mai}
}

%%%%%%%%%%%%%%%%%%%%%%%%%%%%%%%%%%%%%%%%%%%%%%%%%%%%%%%%%%%%%%%%%%%%%%%%%%%%%%%%
%%%%%%%%%%%%%%%%%%%%%%%%%%%%%%%%%%   2009   %%%%%%%%%%%%%%%%%%%%%%%%%%%%%%%%%%%%
%%%%%%%%%%%%%%%%%%%%%%%%%%%%%%%%%%%%%%%%%%%%%%%%%%%%%%%%%%%%%%%%%%%%%%%%%%%%%%%%

@inproceedings{JMOD_2009,
    author = {Vallverdu, Germain and Demachy, Isabelle and Ridard, Jacqueline and Lévy, Bernard},
    title = {Calcul de spectre d'absorption par simulation moléculaire : incertitudes
    statistique et liées à la fonctionnelle de la densité},
    booktitle = {Journées Modélisation de l'ENS - ENSC Paris, Paris, France}, 
    month = {juin},
    year = {2009}
}
                
%%%%%%%%%%%%%%%%%%%%%%%%%%%%%%%%%%%%%%%%%%%%%%%%%%%%%%%%%%%%%%%%%%%%%%%%%%%%%%%%
%%%%%%%%%%%%%%%%%%%%%%%%%%%%%%%%%%   2008   %%%%%%%%%%%%%%%%%%%%%%%%%%%%%%%%%%%%
%%%%%%%%%%%%%%%%%%%%%%%%%%%%%%%%%%%%%%%%%%%%%%%%%%%%%%%%%%%%%%%%%%%%%%%%%%%%%%%%

@inproceedings{JED_2008,
    author = {Vallverdu, Germain and Demachy, Isabelle and Ridard, Jacqueline and Lévy, Bernard},
    title = {Utilisation de dynamique moléculaire contrainte et dynamique Brownienne dans
    l'étude des protéines fluorescentes},
    booktitle = {Journée de l'école doctorale de chimie de l'université Paris Sud 11},
    month = {Septembre},
    year = {2008}
}
                
%%%%%%%%%%%%%%%%%%%%%%%%%%%%%%%%%%%%%%%%%%%%%%%%%%%%%%%%%%%%%%%%%%%%%%%%%%%%%%%%
%%%%%%%%%%%%%%%%%%%%%%%%%%%%%%%%%%   2007   %%%%%%%%%%%%%%%%%%%%%%%%%%%%%%%%%%%%
%%%%%%%%%%%%%%%%%%%%%%%%%%%%%%%%%%%%%%%%%%%%%%%%%%%%%%%%%%%%%%%%%%%%%%%%%%%%%%%%

@inproceedings{JFJPC_2007,
    author = {Vallverdu, Germain and Demachy, Isabelle and Ridard, Jacqueline and Lévy, Bernard},
    title = {Le chromophore de la Green Fluorescent Protein : effets de la protéine sur le
    déclin de la fluorescence},
    booktitle = {9$^\text{e}$ Journées Francophones des Jeunes Physico-Chimistes,
    Bordeaux, France},
    month = {Octobre},
    year = {2007}
}
                
@inproceedings{JMOD_2007,
    author = {Vallverdu, Germain and Demachy, Isabelle and Ridard, Jacqueline and Lévy, Bernard},
    title = {Le chromophore de la Green Fluorescent Protein : étude du déclin de la
    fluorescence},
    booktitle = {Journées Modélisation de l'ENS - ENSC Paris, Paris, France}, 
    month = {Juin},
    year = {2007} 
}

