%%%%%%%%%%%%%%%%%%%%%%%%%%%%%%%%%%%%%%%%%%%%%%%%%%%%%%%%%%%%%%%%%%%%%%%%%%%%%%%%
%%%%%%%%%%%%%%%%%%%%%%%%%%%%%%%%%%   2014   %%%%%%%%%%%%%%%%%%%%%%%%%%%%%%%%%%%%
%%%%%%%%%%%%%%%%%%%%%%%%%%%%%%%%%%%%%%%%%%%%%%%%%%%%%%%%%%%%%%%%%%%%%%%%%%%%%%%%

@inproceedings{ICAMM_2014_poster,
    author = {Vallverdu, Germain and Minvielle, Marie and Andreu, Nathalie and and Gonbeau, Danielle and Baraille, Isabelle},
    title = {Surface reactivity of layered lithium oxide LiNi$_\text{x}$Mn$_\text{y}$Co$_\text{1-x-y}$O$_\text{2}$},
    booktitle = {{International Conference on Advanced Materials Modelling (ICAMM)}, Nantes, France},
    year = {2014},
    month = {Juillet}
}

%%%%%%%%%%%%%%%%%%%%%%%%%%%%%%%%%%%%%%%%%%%%%%%%%%%%%%%%%%%%%%%%%%%%%%%%%%%%%%%%
%%%%%%%%%%%%%%%%%%%%%%%%%%%%%%%%%%   2012   %%%%%%%%%%%%%%%%%%%%%%%%%%%%%%%%%%%%
%%%%%%%%%%%%%%%%%%%%%%%%%%%%%%%%%%%%%%%%%%%%%%%%%%%%%%%%%%%%%%%%%%%%%%%%%%%%%%%%

@inproceedings{RCTF_2012,
    title = {Approche théorique des interfaces solide/solide : application au
    calcul des propriétés structurales et thermodynamiques des
    matériaux de conversion},
    author = {Martin, Lucile and Vallverdu, Germain and Martinez, Hervé and Baraille, Isabelle},
    booktitle = {{13$^\text{e}$ Rencontres des Chimistes Théoriciens Francophones,
    Marseille, France}},
    year = {2012},
    month = {Juillet}
}

%%%%%%%%%%%%%%%%%%%%%%%%%%%%%%%%%%%%%%%%%%%%%%%%%%%%%%%%%%%%%%%%%%%%%%%%%%%%%%%%
%%%%%%%%%%%%%%%%%%%%%%%%%%%%%%%%%%   2008   %%%%%%%%%%%%%%%%%%%%%%%%%%%%%%%%%%%%
%%%%%%%%%%%%%%%%%%%%%%%%%%%%%%%%%%%%%%%%%%%%%%%%%%%%%%%%%%%%%%%%%%%%%%%%%%%%%%%%

@inproceedings{CCP5,
    author = {Vallverdu, Germain and Demachy, Isabelle and Ridard, Jacqueline and Lévy, Bernard},
    title = {Using biased molecular dynamics and Brownian dynamics in the study of
    fluorescent proteins}, 
    booktitle = {{CCP5 summer school, Sheffield, Angleterre}},
    year = {2008}
}

@inproceedings{RCTF_2008,
    author = {Vallverdu, Germain and Demachy, Isabelle and Ridard, Jacqueline and Lévy, Bernard},
    title = {Using biased molecular dynamics and Brownian dynamics in the study of
    fluorescent proteins}, 
    booktitle = {{XI$^\text{e}$ Rencontres des Chimistes Théoriciens Francophones, Dinard, France}},
    month = {Juillet},
    year = {2008}
}

%%%%%%%%%%%%%%%%%%%%%%%%%%%%%%%%%%%%%%%%%%%%%%%%%%%%%%%%%%%%%%%%%%%%%%%%%%%%%%%%
%%%%%%%%%%%%%%%%%%%%%%%%%%%%%%%%%%   2007   %%%%%%%%%%%%%%%%%%%%%%%%%%%%%%%%%%%%
%%%%%%%%%%%%%%%%%%%%%%%%%%%%%%%%%%%%%%%%%%%%%%%%%%%%%%%%%%%%%%%%%%%%%%%%%%%%%%%%

@inproceedings{ECSB_2007,
    title = {The chromophore of Green fluorescent protein : dynamics of the fluorescent
    state inside the protein},
    booktitle = {12$^\text{th}$ European Conference on the Spectrocopy of Biological
    Molecules, Bobigny, France}, 
    author = {Vallverdu, Germain and Demachy, Isabelle and Ridard, Jacqueline and Lévy, Bernard},
    month = {Septembre},
    year = {2007}
}

%%%%%%%%%%%%%%%%%%%%%%%%%%%%%%%%%%%%%%%%%%%%%%%%%%%%%%%%%%%%%%%%%%%%%%%%%%%%%%%%
%%%%%%%%%%%%%%%%%%%%%%%%%%%%%%%%%%   2006   %%%%%%%%%%%%%%%%%%%%%%%%%%%%%%%%%%%%
%%%%%%%%%%%%%%%%%%%%%%%%%%%%%%%%%%%%%%%%%%%%%%%%%%%%%%%%%%%%%%%%%%%%%%%%%%%%%%%%

@inproceedings{RCTF_2006,
    author = {Vallverdu, Germain and Demachy, Isabelle and Ridard, Jacqueline and Lévy, Bernard},
    title = {Fluorescence de la {Cyan Fluorescent Protein} : étude théorique de deux
    mécansimes de désactivatio},
    booktitle = {{X$^\text{e}$ Rencontres des Chimistes Théoriciens Francophones, Nancy, France}},
    month = {Juillet},
    year = {2006}
}

